%% This BibTeX bibliography file was created using BibDesk.
%% https://bibdesk.sourceforge.io/

%% Created for Neo Song at 2024-06-29 09:12:05 +0800 


%% Saved with string encoding Unicode (UTF-8) 



@article{wang2022learningsampleaggregatefewshot,
	abstract = {@misc{wang2022learningsampleaggregatefewshot,
      title={Learning to Sample and Aggregate: Few-shot Reasoning over Temporal Knowledge Graphs}, 
      author={Ruijie Wang and Zheng Li and Dachun Sun and Shengzhong Liu and Jinning Li and Bing Yin and Tarek Abdelzaher},
      year={2022},
      eprint={2210.08654},
      archivePrefix={arXiv},
      primaryClass={cs.LG},
      url={https://arxiv.org/abs/2210.08654}, 
}},
	annote = {@misc{wang2022learningsampleaggregatefewshot,
      title={Learning to Sample and Aggregate: Few-shot Reasoning over Temporal Knowledge Graphs}, 
      author={Ruijie Wang and Zheng Li and Dachun Sun and Shengzhong Liu and Jinning Li and Bing Yin and Tarek Abdelzaher},
      year={2022},
      eprint={2210.08654},
      archivePrefix={arXiv},
      primaryClass={cs.LG},
      url={https://arxiv.org/abs/2210.08654}, 
}},
	author = {Ruijie Wang and Zheng Li and Dachun Sun and Shengzhong Liu and Jinning Li and Bing Yin and Tarek Abdelzaher},
	date-added = {2024-06-29 09:10:00 +0800},
	date-modified = {2024-06-29 09:11:55 +0800},
	rss-description = {@misc{wang2022learningsampleaggregatefewshot,
      title={Learning to Sample and Aggregate: Few-shot Reasoning over Temporal Knowledge Graphs}, 
      author={Ruijie Wang and Zheng Li and Dachun Sun and Shengzhong Liu and Jinning Li and Bing Yin and Tarek Abdelzaher},
      year={2022},
      eprint={2210.08654},
      archivePrefix={arXiv},
      primaryClass={cs.LG},
      url={https://arxiv.org/abs/2210.08654}, 
}},
	title = {Learning to Sample and Aggregate: Few-shot Reasoning over Temporal Knowledge Graphs}}

@article{marzano2007rainfall,
	author = {Marzano, Frank Silvio and Rivolta, Giancarlo and Coppola, Erika and Tomassetti, Barbara and Verdecchia, Marco},
	journal = {IEEE Transactions on Geoscience and Remote Sensing},
	number = {11},
	pages = {3800--3812},
	publisher = {IEEE},
	title = {Rainfall nowcasting from multisatellite passive-sensor images using a recurrent neural network},
	volume = {45},
	year = {2007}}

@inproceedings{huang2017densely,
	author = {Huang, Gao and Liu, Zhuang and Van Der Maaten, Laurens and Weinberger, Kilian Q},
	booktitle = {Proceedings of the IEEE conference on computer vision and pattern recognition},
	pages = {4700--4708},
	title = {Densely connected convolutional networks},
	year = {2017}}

@article{zhang2020deep,
	author = {Zhang, Ziwei and Cui, Peng and Zhu, Wenwu},
	journal = {IEEE Transactions on Knowledge and Data Engineering},
	number = {1},
	pages = {249--270},
	publisher = {IEEE},
	title = {Deep learning on graphs: A survey},
	volume = {34},
	year = {2020}}

@article{hechtlinger2017generalization,
	author = {Hechtlinger, Yotam and Chakravarti, Purvasha and Qin, Jining},
	journal = {arXiv preprint arXiv:1704.08165},
	title = {A generalization of convolutional neural networks to graph-structured data},
	year = {2017}}

@article{defferrard2016convolutional,
	author = {Defferrard, Micha{\"e}l and Bresson, Xavier and Vandergheynst, Pierre},
	journal = {Advances in neural information processing systems},
	title = {Convolutional neural networks on graphs with fast localized spectral filtering},
	volume = {29},
	year = {2016}}
