@ARTICLE{elm:huang,
	author = {G.-B. Huang, Q.-Y. Zhu and C.-K. Siew},
	title = {Extreme Learning Machine: Theory and Applications},
	journal = {Neurocomputing},
	year = {2006},
	volume = {70},
	pages = {489-501}
}

@ONLINE{ol:elmorg,
	author = {elm201x@gmail.com},
	title = {www.extreme-learning-machines.org},
	url = {https://www.extreme-learning-machines.org/},
	urldate = {2013}
}

