@ARTICLE{a1989being,
	title={On Being a Scientist},
	journal={Proc. NatL Acad. Sci USA},
	volume={86},
	pages={9053},
	year={1989}
}
